<?xml version="1.0" encoding="UTF-8"?>
<collection xmlns:xsi="http://www.w3.org/2001/XMLSchema-instance" xsi:schemaLocation="http://www.loc.gov/MARC21/slim http://www.loc.gov/standards/marcxml/schema/MARC21slim.xsd" xmlns="http://www.loc.gov/MARC21/slim">
<record>
  <leader>01265cam a2200289L  4500</leader>
  <controlfield tag="001">2685994</controlfield>
  <controlfield tag="003">NNC</controlfield>
  <controlfield tag="005">20150920222900.0</controlfield>
  <controlfield tag="008">950202s1944    ua ab    b    000 0 ara  </controlfield>
  <datafield tag="010" ind1=" " ind2=" ">
    <subfield code="a">ne 67001669 </subfield>
  </datafield>
  <datafield tag="035" ind1=" " ind2=" ">
    <subfield code="a">(OCoLC)ocm31992885</subfield>
  </datafield>
  <datafield tag="035" ind1=" " ind2=" ">
    <subfield code="9">ARD5605CU</subfield>
  </datafield>
  <datafield tag="035" ind1=" " ind2=" ">
    <subfield code="a">(NNC)2685994</subfield>
  </datafield>
  <datafield tag="040" ind1=" " ind2=" ">
    <subfield code="a">DLC</subfield>
    <subfield code="c">TEU</subfield>
    <subfield code="d">ZCU</subfield>
  </datafield>
  <datafield tag="043" ind1=" " ind2=" ">
    <subfield code="a">f-ua---</subfield>
  </datafield>
  <datafield tag="050" ind1="0" ind2=" ">
    <subfield code="a">DT96.M215</subfield>
    <subfield code="b">H3</subfield>
  </datafield>
  <datafield tag="099" ind1=" " ind2=" ">
    <subfield code="a">962</subfield>
    <subfield code="a">H27</subfield>
  </datafield>
  <datafield tag="100" ind1="1" ind2=" ">
    <subfield code="a">Ḥasan, ʻAlī Ibrāhīm.</subfield>
  </datafield>
  <datafield tag="245" ind1="1" ind2="0">
    <subfield code="a">Dirāsāt fī tārīkh al-Mamālīk al-baḥrīyah,</subfield>
    <subfield code="b">wa-fī ʻaṣr al-Nāṣir Muḥammad bi-wajhin khāṣṣ, yabḥath fī al-tārīkh al-siyāsī wa-al-ʻalāqāt al-khārijīyah wa-niẓām al-salṭānah wa-al-bilāṭ wa-al-khilāfah wa-nuẓum al-ḥukm al-idārīyah wa-al-ḥarbīyah wa-al-mālīyah wa-al-qaḍāʾīyah.</subfield>
    <subfield code="c">taʾlīf ʻAlī Ibrāhīm Ḥasan.</subfield>
  </datafield>
  <datafield tag="260" ind1=" " ind2=" ">
    <subfield code="a">[al-Qāhirah]</subfield>
    <subfield code="b">Maktabat al-Nahḍah al-Miṣrīyah,</subfield>
    <subfield code="c">1944.</subfield>
  </datafield>
  <datafield tag="300" ind1=" " ind2=" ">
    <subfield code="a">11, 424 p.</subfield>
    <subfield code="b">illus., maps.</subfield>
    <subfield code="c">26 cm.</subfield>
  </datafield>
  <datafield tag="500" ind1=" " ind2=" ">
    <subfield code="a">In Arabic.</subfield>
  </datafield>
  <datafield tag="504" ind1=" " ind2=" ">
    <subfield code="a">Bibliography: p. [379]-392.</subfield>
  </datafield>
  <datafield tag="600" ind1="0" ind2="0">
    <subfield code="a">Nāṣir Muḥammad ibn Qalāwūn,</subfield>
    <subfield code="c">Sulṭān of Egypt and Syria,</subfield>
    <subfield code="d">1285-1341.</subfield>
  </datafield>
  <datafield tag="651" ind1=" " ind2="0">
    <subfield code="a">Egypt</subfield>
    <subfield code="x">History</subfield>
    <subfield code="y">1250-1517.</subfield>
  </datafield>
  <datafield tag="740" ind1="0" ind2=" ">
    <subfield code="a">Tārīkh al-Mamālīk al-baḥrīyah.</subfield>
  </datafield>
  <datafield tag="955" ind1=" " ind2=" ">
    <subfield code="b">0026812037</subfield>
    <subfield code="d">glx</subfield>
    <subfield code="e">962 H27</subfield>
  </datafield>
</record>
</collection>